<record><leader>00000cas a2200000 a 4500</leader><controlfield tag="001">38373389</controlfield><controlfield tag="008">980209c19969999gauwr ne      0    0eng c</controlfield><datafield ind1=" " ind2=" " tag="010"><subfield code="a">sn 98063002 </subfield></datafield><datafield ind1=" " ind2=" " tag="040"><subfield code="a">NLG</subfield><subfield code="b">eng</subfield><subfield code="c">NLG</subfield><subfield code="d">OCL</subfield><subfield code="d">OCLCQ</subfield><subfield code="d">OCLCF</subfield><subfield code="d">OCLCO</subfield></datafield><datafield ind1="1" ind2=" " tag="029"><subfield code="a">AU@</subfield><subfield code="b">000013766505</subfield></datafield><datafield ind1=" " ind2=" " tag="042"><subfield code="a">pcc</subfield></datafield><datafield ind1=" " ind2=" " tag="043"><subfield code="a">n-us-ga</subfield></datafield><datafield ind1="0" ind2=" " tag="130"><subfield code="a">Alma times (Alma, Ga. : 1996)</subfield></datafield><datafield ind1="1" ind2="4" tag="245"><subfield code="a">The Alma times.</subfield></datafield><datafield ind1=" " ind2=" " tag="260"><subfield code="a">Alma, Ga. :</subfield><subfield code="b">Hurricane Pub. Co.,</subfield><subfield code="c">1996-</subfield></datafield><datafield ind1=" " ind2=" " tag="300"><subfield code="a">v.</subfield></datafield><datafield ind1=" " ind2=" " tag="310"><subfield code="a">Weekly</subfield></datafield><datafield ind1="0" ind2=" " tag="362"><subfield code="a">Vol. 91, no. 15 (Apr. 11, 1996)-</subfield></datafield><datafield ind1=" " ind2="0" tag="651"><subfield code="a">Alma (Ga.)</subfield><subfield code="v">Newspapers.</subfield></datafield><datafield ind1=" " ind2="7" tag="655"><subfield code="a">Newspapers.</subfield><subfield code="2">fast</subfield><subfield code="0">(OCoLC)fst01423814</subfield></datafield><datafield ind1=" " ind2="7" tag="651"><subfield code="a">Georgia</subfield><subfield code="z">Alma.</subfield><subfield code="2">fast</subfield><subfield code="0">(OCoLC)fst01216839</subfield></datafield><datafield ind1=" " ind2=" " tag="752"><subfield code="a">United States</subfield><subfield code="b">Georgia</subfield><subfield code="c">Bacon</subfield><subfield code="d">Alma.</subfield></datafield><datafield ind1="0" ind2="0" tag="780"><subfield code="t">Alma times-statesman</subfield><subfield code="w">(DLC)sn 83007700</subfield></datafield></record>